@online{foresoft,
    title = {Online Database Software for Business | Web Based Database | TeamDesk},
    organization = {Foresoft Corp.},
    date = {2018},
    urldate = {2018-10-16},
    url = {https://www.teamdesk.net/},
},
@online{knack,
    title = {Online Database Software for Easy Database Creation},
    organization = {Knack},
    date = {2018},
    urldate = {2018-10-16},
    url = {https://www.knack.com/tour},
}
