@online{open,
    title = {What is open source?},
    url = {https://opensource.com/resources/what-open-source},
},
@online{gdpr,
    title = {GDPR Key Changes},
    organization = {EU GDPR},
    url = {https://eugdpr.org/the-regulation/},
},
@online{security,
    title = {GO-ITS 25.13 Security Requirements},
    url = {https://www.ontario.ca/page/go-its-2513-security-requirements-web-applications},
}
